<?xml version="1.0" encoding="UTF-8"?><collection xmlns="http://www.loc.gov/MARC21/slim"><record><leader>00533nam--2200193-u-4500</leader><controlfield tag="001">000053660</controlfield><controlfield tag="002">20161230</controlfield><controlfield tag="005">20161230201051</controlfield><controlfield tag="008">110511s1000------------r-----000-0-rus-d</controlfield><datafield ind1=" " ind2=" " tag="040"><subfield code="a">IFIN-HH</subfield></datafield><datafield ind1=" " ind2=" " tag="041"><subfield code="a">rus</subfield></datafield><datafield ind1=" " ind2=" " tag="080"><subfield code="a">537.312.62:538.945</subfield></datafield><datafield ind1="1" ind2=" " tag="100"><subfield code="a">Tinkham, Michael</subfield></datafield><datafield ind1="1" ind2="0" tag="245"><subfield code="a">Vvedenie v sverhprovodimosti</subfield><subfield code="c">Michael tinkham</subfield></datafield><datafield ind1=" " ind2=" " tag="260"><subfield code="a">Moskva</subfield><subfield code="b">Atomizdat</subfield><subfield code="c">1980</subfield></datafield><datafield ind1=" " ind2=" " tag="300"><subfield code="a">310P</subfield></datafield><datafield ind1=" " ind2=" " tag="500"><subfield code="a">Titlul Original In Limba Engleza: Introduction To Superconductivity</subfield></datafield><datafield ind1=" " ind2=" " tag="852"><subfield code="a">75548</subfield><subfield code="c">536</subfield></datafield><datafield ind1=" " ind2=" " tag="CAT"><subfield code="a">Sys</subfield><subfield code="c">20110511</subfield><subfield code="h">113802</subfield></datafield></record></collection>